@inproceedings{lee2001algorithms,
  title={Algorithms for non-negative matrix factorization},
  author={Lee, Daniel D and Seung, H Sebastian},
  booktitle={Advances in neural information processing systems},
  pages={556--562},
  year={2001}
}

@article{gonzalez2005accelerating,
  title={Accelerating the Lee-Seung algorithm for non-negative matrix factorization},
  author={Gonzalez, Edward F and Zhang, Yin},
  journal={Dept. Comput. \& Appl. Math., Rice Univ., Houston, TX, Tech. Rep. TR-05-02},
  year={2005}
}

@misc{tropp2003alternating,
  title={An alternating minimization algorithm for non-negative matrix approximation},
  author={Tropp, JOEL A},
  year={2003}
}

@inproceedings{blei2010bayesian,
  title={Bayesian nonparametric matrix factorization for recorded music},
  author={Blei, David M and Cook, Perry R and Hoffman, Matthew},
  booktitle={Proceedings of the 27th International Conference on Machine Learning (ICML-10)},
  pages={439--446},
  year={2010}
}

@book{laub2005matrix,
  title={Matrix analysis for scientists and engineers},
  author={Laub, Alan J},
  year={2005},
  publisher={Siam}
}

@article{liu1989limited,
  title={On the limited memory {BFGS} method for large scale optimization},
  author={Liu, Dong C. and Nocedal, Jorge},
  journal={Mathematical Programming},
  volume={45},
  number={1},
  pages={503--528},
  year={1989},
  publisher={Springer}
}

@book{birgin2014practical,
  title={Practical augmented {L}agrangian methods for constrained optimization},
  author={Birgin, Ernesto G. and Martinez, Jos{\'e} Mario},
  year={2014},
  publisher={SIAM}
}

@article{schmidt2009optimization,
  title={Optimization methods for $L_1$-regularization},
  author={Schmidt, Mark and Fung, Glenn and Rosales, Romer},
  journal={Technical Report, University of British Columbia},
  year={2009}
}